@BOOK{kay-1993,
	author = {Steven M. Kay},
	title = {Fundamentals of Statistical Signal Processing: Estimation Theory},
	publisher = {Prentice Hall},
	year = {1993}
	}
	
@MISC{ni-2008,
  author = {Jian Ni and Sekhar Tatikonda},
  title = {Network Tomography Based on Additive Metrics},
  url = {http://www.citebase.org/abstract?id=oai:arXiv.org:0809.0158},
  year = {2008}
}

@Book{ross-2006,
	author = {Sheldon M. Ross},
	title = {Simulation},
	publisher = {Academic Press},
	year = {2006},
	edition = {Fourth},
}


